%% LaTeX2e file `bib.bib'
%% generated by the `filecontents' environment
%% from source `requirements' on 2020/05/25.
%%
    @inproceedings{Koscielniak:2009,
    author  = "Koscielniak, Shane and others",
    title   = "{An Electron Linac Photon-Fission Driver for the Rare Isotope Program at {TRIUMF}}",
    booktitle   = "{Proceedings of SRF2009}",
    pages   = "907-912 (FROAAU06)",
    year    = "2009"
    }

    @article{koscielniak2012ariel,
      title="{ARIEL Superconducting Electron Linac}",
      author="Koscielniak, Shane and others",
      booktitle="{Proc. 26th Linear Accelerator Conf.(LINACâ€™12)}",
      pages="729--733",
      year="2012"
    }
    
    @phdthesis{storey2011view,
      title={A view screen beam profile monitor for the ARIEL e-linac at TRIUMF},
      author={Storey, Douglas Wesley},
      year={2011}
    }
    
    @techreport{sacherer1970rms,
      title={{RMS} envelope equations with space charge},
      author={Sacherer, Frank J},
      year={1970},
      institution={CERN},
      number ={DL/70-12  \url{http://cds.cern.ch/record/322516/files/cer-000245740.pdf}}
    }
    
    @article{baartman2016transoptr,
      title={TRANSOPTR: Changes since 1984},
      author={Baartman, Richard},
      journal={TRIUMF, Vancouver, Canada, Rep. TRI-BN-16-06},
      year={2016}
    }